@BOOK{exphy1_dem,
    AUTHOR       = {Demtröder, W.},
    TITLE        = {Experimentalphysik 1 - Mechanik und Wärme},
    PUBLISHER    = {Springer Spektrum},
    YEAR         = {2013},
    ADDRESS      = {Berlin Heidelberg},
    NOTE         = {6., neu bearbeitete und aktualisierte Auflage}
}
@online{lp,
    author         = {Georg-August-Universität Göttingen},
    url            = {https://lp.uni-goettingen.de/get/text/4081},
    urldate        = {2019-05-24}
}
